@book{krivine:lambda-calculus,
  author    = {Jean{-}Louis Krivine},
  title     = {Lambda-calculus, types and models},
  series    = {Ellis Horwood series in computers and their applications},
  publisher = {Masson},
  year      = {1993},
  isbn      = {978-0-13-062407-9},
  timestamp = {Fri, 29 Apr 2011 18:24:04 +0200},
  biburl    = {http://dblp.uni-trier.de/rec/bib/books/daglib/0071545},
  bibsource = {dblp computer science bibliography, http://dblp.org}
}